% Put you own bibliography entries in this file

@online{IsolationSelectionTool,
      %author         = "{AnalysisHarmonisationGroup2}",
      title          = "{Lepton isolation recommendations}",
      url            = "https://twiki.cern.ch/twiki/bin/viewauth/AtlasProtected/IsolationSelectionTool",
}

@Article{D.Krohn:2010,
      author        = "Krohn, D. and Thaler, J. and Wang, L.-T.",
      title         = "{Jet trimming}",
      journal       = "Journal of High Energy Physics",
      volume        = "2010",
      pages         = "84",
      doi           = "10.1007/JHEP02(2010)084",
      year          = "2010",
      addendum      = "ISSN:{1029-8479}",
      url           = "https://link.springer.com/article/10.1007/JHEP02(2010)084",
}

@Article{S.Catani:1993,
      author        = "Catani, S. and Dokshitzer, Y. and Seymour, M. and Webber, B.",
      title         = "{Longitudinally invariant K(t) clustering algorithms for hadron-hadron collisions}",
      journal       = "Nuclear Physics B",
      volume        = "406",
      pages         = "187",
      doi           = "10.1016/0550-3213(93)90166-M",
      year          = "1993",
      addendum      = "ISSN:{0550-3213}",
      url           = "https://www.sciencedirect.com/science/article/pii/055032139390166M",
}

@Booklet{D.Adams:2014,
      author        = "Adams, D. and et al.",
      title         = "{Recommendations of the Physics Objects and Analysis Harmonisation Study Groups 2014}",
      howpublished  = "{ATL-PHYS-INT-2014-018}",
      year          = "2014",
      url           = "https://cds.cern.ch/record/1743654",
}

@Booklet{arxivOnly:2018,
      author        = "Gallicchio, J. and Chien, Y.-T.",
      title         = "{Quit Using Pseudorapidity, Transverse Energy, and Massless Constituents}",
      year          = "2018",
      archivePrefix = "arXiv",
      eprint        = "1802.05356",
      primaryClass  = "hep-ph",
}

@online{AssociationUtils,
      %author         = "{AnalysisHarmonisationGroup2}",
      title          = "{Documentation of the ATLAS AssociationUtils package}",
      url            = "https://gitlab.cern.ch/atlas/athena/blob/release/21.2.86/PhysicsAnalysis/AnalysisCommon/AssociationUtils/README.rst",
}

@Article{J.Thaler:2011,
     author    = "Thaler, J. and Van Tilburg, K.",
     title     = "{Identifying Boosted Objects with N-subjettiness}",
     journal   = "JHEP",
     volume    = "03",
     year      = "2011",
     pages     = "015",
     eprint    = "1011.2268",
     archivePrefix = "arXiv",
     primaryClass  =  "hep-ph",
     doi       = "10.1007/JHEP03(2011)015",
}

@Article{J.Thaler:2008,
     author    = "Thaler, J. and Wang, L.-T.",
     title     = "{Strategies to Identify Boosted Tops}",
     journal   = "JHEP",
     volume    = "07",
     year      = "2008",
     pages     = "092",
     eprint    = "0806.0023",
     archivePrefix = "arXiv",
     primaryClass  =  "hep-ph",
     doi       = "10.1088/1126-6708/2008/07/092",
}

@Article{A.J.Larkoski:2013,
     author    = "Larkoski, A.J. and Salam, G.P. and Thaler, J.",
     title     = "{Energy Correlation Functions for Jet Substructure}",
     journal   = "JHEP",
     volume    = "06",
     year      = "2013",
     pages     = "108",
     eprint    = "1305.0007",
     archivePrefix = "arXiv",
     primaryClass  =  "hep-ph",
     doi       = "10.1007/JHEP06(2013)108",
}

@Article{HDBS-2021-02,
    author         = "{ATLAS Collaboration}",
    title          = "{Search for a charged Higgs bosons decaying into a top-quark and a bottom-quark at \(\sqrt{s} = 13\,\text{TeV}\) with the ATLAS detector}",
    journal        = "JHEP",
    volume         = "16",
    year           = "2021",
    pages          = "145",
    doi            = "10.1007/JHEP06(2021)145",
    reportNumber   = "CERN-EP-2021-004",
    eprint         = "2102.10076",
    archivePrefix  = "arXiv",
    primaryClass   = "hep-ex",
}

@Article{G.Avoni-2018,
    author         = "Avoni, G. and et al.",
    title          = "{The new LUCID-2 detector for luminosity measurement and monitoring in ATLAS}",
    journal        = "JINST",
    volume         = "13",
    year           = "2018",
    pages          = "P07017",
    doi            = "10.1088/1748-0221/13/07/P07017",
}

@online{LuminosityForPhysis,
      title          = "{LuminosityForPhysics twiki page}",
      url            = "https://twiki.cern.ch/twiki/bin/viewauth/Atlas/LuminosityForPhysics"
}

@online{GoodRunListRun2,
      title          = "{Web directory for GoodRunsLists in atlas-groupdata area}",
      url            = "https://atlas-groupdata.web.cern.ch/atlas-groupdata/GoodRunsLists"
}

@Article{C.Degrande-2015,
    author         = "Degrande, C. and Ubiali, M. and Wiesemann, M. and Zaro, M.",
    title          = "{Heavy charged Higgs boson production at the LHC}",
    journal        = "JHEP",
    volume         = "10",
    year           = "2015",
    pages          = "145",
    archivePrefix  = "arXiv",
    eprint         = "1507.02549",
    primaryClass   = "hep-ph",
    doi            = "10.1007/JHEP10(2015)145",
}

@Article{M.Flechl-2015,
    author         = "Flechl, M. and Klees, M. and \text{Kr\"{a}mer}, M. and Spira, M. and Ubiali, M.",
    title          = "{Improved cross-section predictions for heavy charged Higgs boson production at the LHC}",
    journal        = "Physical Review",
    volume         = "D 91",
    year           = "2015",
    addendum       = "ISSN:{1550-2368}",
    url            = "http://dx.doi.org/10.1103/PhysRevD.91.075015",
    doi            = "10.1103/PhysRevD.91.075015",
}

@Article{S.Dittmaier-2011,
    author         = "Dittmaier, S. and \text{Kr\"{a}mer}, M. and Spira, M. and Walser, M.",
    title          = "{Charged-Higgs-boson production at the LHC:Next-to-leading-order supersymmetric QCD corrections}",
    journal        = "Physical Review",
    volume         = "D 83",
    year           = "2011",
    addendum       = "ISSN:{1550-2368}",
    url            = "http://dx.doi.org/10.1103/PhysRevD.83.055005",
    doi            = "10.1103/PhysRevD.83.055005",
}

@Article{E.L.Berger-2005,
    author         = "Berger, E.L. and Han, T. and Jiang, J. and Plehn, T.",
    title          = "{Associated production of a top quark and a charged Higgs boson}",
    journal        = "Physical Review",
    volume         = "D 71",
    year           = "2005",
    addendum       = "ISSN:{1550-2368}",
    url            = "http://dx.doi.org/10.1103/PhysRevD.71.115012",
    doi            = "10.1103/PhysRevD.71.115012",
}

@Article{J.M.Campbell-2015,
    author         = "Campbell, J.M. and Ellis, R.K. and Nason, P. and Re, E.",
    title          = "{Top-pair production and decay at NLO matched with parton showers}",
    journal        = "JHEP",
    volume         = "04",
    year           = "2015",
    page           = "114",
    archivePrefix  = "arXiv",
    eprint         = "1412.1828",
    primaryClass   = "hep-ph",
    doi            = "10.1007/JHEP04(2015)114",
}

@Article{T.D.Lee-1973,
    author         = "Lee, T. D.",
    title          = "{A Theory of Spontaneous T Violation}",
    journal        = "Phys. Rev.",
    volume         = "D 8",
    year           = "1973",
    page           = "1226",
    doi            = "10.1103/PhysRevD.8.1226",
}

@Article{G.Branco-2012,
    author         = "Branco, G. and Ferreira, P. and  Lavoura, L. and Rebelo, M. and Sher et al., M.",
    title          = "{Theory and phenomenology of two-Higgs-doublet models}",
    journal        = "Phys. Rept.",
    volume         = "516",
    year           = "2012",
    page           = "1",
    doi            = "10.1016/j.physrep.2012.02.002",
    archivePrefix  = "arXiv",
    eprint         = "1106.0034",
    primaryClass   = "hep-ph",
}

@Article{K.Inoue-1982,
    author         = "Inoue, K. and Kakuto, A. and Komatsu, H. and Takeshita, S.",
    title          = "{Aspects of Grand Unified Models with Softly Broken Supersymmetry}",
    journal        = "Prog.Theor.Phys.",
    volume         = "68",
    year           = "1982",
    page           = "927",
    doi            = "10.1143/PTP.68.927",
}

@Article{T.Cheng-1989,
    author         = "Cheng, T.P. and Li, L.-F.",
    title          = "{Neutrino Masses, Mixings and Oscillations in SU(2)$\times$U(1) Models of Electroweak Interactions}",
    journal        = "Phys. Rev.",
    volume         = "D 22",
    year           = "1980",
    page           = "2860",
    doi            = "10.1103/PhysRevD.22.2860",
}

@Article{J.Schechter-1980,
    author         = "Schechter, J. and Valle, J.W.F.",
    title          = "{Neutrino Masses in SU(2)$\times$U(1) Theories}",
    journal        = "Phys. Rev.",
    volume         = "D 22",
    year           = "1980",
    page           = "2227",
    doi            = "10.1103/PhysRevD.22.2227",
}

@Article{G.Lazarides-1981,
    author         = "Lazarides, G. and Shafi, Q. and Wetterich, C.",
    title          = "{Proton Lifetime and Fermion Masses in an SO(10) Model}",
    journal        = "Nucl. Phys.",
    volume         = "B 181",
    year           = "1981",
    page           = "287",
    doi            = "10.1016/0550-3213(81)90354-0",
}

@Article{R.N.Mohapatra-1981,
    author         = "Mohapatra,R.N. and Senjanovic, G.",
    title          = "{Neutrino Masses and Mixings in Gauge Models with Spontaneous Parity Violation}",
    journal        = "Phys. Rev.",
    volume         = "D 23",
    year           = "1981",
    page           = "165",
    doi            = "10.1103/PhysRevD.23.165",
}

@Article{M.Magg-1980,
    author         = "Magg, M. and Wetterich, C.",
    title          = "{Neutrino Mass Problem and Gauge Hierarchy}",
    journal        = "Phys. Lett.",
    volume         = "B 94",
    year           = "1980",
    page           = "61",
    doi            = "10.1016/0370-2693(80)90825-4",
}

@Article{R.Raitio-1979,
    author         = "Raitio, R. and Wada, W. W.",
    title          = "{Higgs Boson Production at Large Transverse Momentum in QCD}",
    journal        = "Phys. Rev.",
    volume         = "D 19",
    year           = "1979",
    page           = "941",
    doi            = "10.1103/PhysRevD.19.941",
}

@Article{W.Beenaller-2002,
    author         = "Beenakker, W. and et al.",
    title          = "{NLO QCD corrections to t anti-t H production in hadron collisions}",
    journal        = "Nucl. Phys.",
    volume         = "B 653",
    year           = "2003",
    page           = "151",
    doi            = "10.1016/S0550-3213(03)00044-0",
    archivePrefix  = "arXiv",
    eprint         = "hep-ph/0211352",
    primaryClass   = "hep-ph",
    
}

@Article{S.Dawson-2003,
    author         = "Dawson, S. and Jackson, C. and Orr, L. H. and Reina, L. and Wackeroth, D.",
    title          = "{Associated Higgs production with top quarks at the large hadron collider: NLO QCD corrections}",
    journal        = "Phys. Rev.",
    volume         = "D 68",
    year           = "2003",
    page           = "034022",
    doi            = "10.1103/PhysRevD.68.034022",
    archivePrefix  = "arXiv",
    eprint         = "hep-ph/0305087",
    primaryClass   = "hep-ph",
}

@Article{Y.Zhang-2014,
    author         = "Zhang, Y. and Ma, W.-G. and Zhang, R.-Y. and Chen, C. and Guo, L.",
    title          = "{QCD NLO and EW NLO corrections to $t\bar{t}H$ production with top quark decays at hadron collider}",
    journal        = "Phys. Lett.",
    volume         = "B 738",
    year           = "2014",
    page           = "1",
    doi            = "10.1016/j.physletb.2014.09.022",
    archivePrefix  = "arXiv",
    eprint         = "1407.1110",
    primaryClass   = "hep-ph",
}

@Article{S.Frixione-2015,
    author         = "Frixione, S. and Hirschi, V. and Pagani, D. and Shao, H.-S and Zaro, M.",
    title          = "{Electroweak and QCD corrections to top-pair hadroproduction in association with heavy bosons}",
    journal        = "JHEP",
    volume         = "06",
    year           = "2015",
    page           = "184",
    doi            = "10.1007/JHEP06(2015)184",
    archivePrefix  = "arXiv",
    eprint         = "1504.03446",
    primaryClass   = "hep-ph",
}

@online{LHCHXSWGTTH-twiki,
      author         = "{LHCHXSWG1}",
      title          = "{Recommended predictions for $t\bar{t}V$ cross sections}",
      url            = "https://twiki.cern.ch/twiki/bin/view/LHCPhysics/LHCHXSWGTTH#Plans_for_YR4",
}

@Article{J.M.Campbell-2012,
    author         = "Campbell, J. M. and Ellis, R. K.",
    title          = "{$t\bar{t}W^{+-}$ production and decay at NLO}",
    journal        = "JHEP",
    volume         = "07",
    year           = "2012",
    page           = "052",
    doi            = "10.1007/JHEP07(2012)052",
    archivePrefix  = "arXiv",
    eprint         = "1204.5678",
    primaryClass   = "hep-ph",
}

@online{PmgTopProcesses-twiki,
      %author         = "{}",
      title          = "{ATLAS PMG Top processes twiki page}",
      url            = "https://twiki.cern.ch/twiki/bin/view/AtlasProtected/PmgTopProcesses",
}

@Article{HDBS-2021-02,
    author         = "{ATLAS Collaboration}",
    title          = "{Search for charged Higgs bosons decaying into a top quark and a bottom quark at $\sqrt{s}=13$ TeV with the ATLAS detector}",
    journal        = "JHEP",
    volume         = "06",
    year           = "2021",
    page           = "145",
    doi            = "10.1007/JHEP06(2021)145",
    archivePrefix  = "arXiv",
    eprint         = "2102.10076",
    primaryClass   = "hep-ex",
}

@article{ATL-COM-PHYS-2014-439,
      author         = "Bell, W. and Buckley, A and Carli, T and Ciaccio, L. Di and Glazov, S. and  Kretzschmar, J. and Lister, A. Owen, M. and Siegert, F. and Tricoli, A. and Zenin, O.",
      title          = "{Proposal for truth particle observable definitions}",
      howpublished   = "{ATL-COM-PHYS-2014-439}",
      url            = "https://cds.cern.ch/record/1700541"
}

@online{Twiki-TruthDAOD,
      author         = "{PhysicsModellingGroup}",
      title          = "{TruthDAOD}",
      url            = "https://twiki.cern.ch/twiki/bin/view/AtlasProtected/TruthDAOD",
}

@online{Binning-TTHFilter,
      %author         = "{PhysicsModellingGroup}",
      title          = "{Automatic binning implematation in TTHFitter.}",
      url            = "https://indico.cern.ch/event/455289/contributions/1953694/attachments/1209081/1762963/Calvet_binning_Htop_160108.pdf",
}
